@misc{eigen,
    title = {Eigen2},
    howpublished = "\url{http://eigen.tuxfamily.org}"
}

@misc{quadprog,
    author = {Luca Di Gaspero},
    title = {Quadprog++},
    howpublished = "\url{http://www.diegm.uniud.it/digaspero/index.php/software}"
}

@misc{ipopt,
    title = {Ipopt},
    howpublished = "\url{https://projects.coin-or.org/Ipopt}"
}

@article{selen2006impedance,
    title={Impedance is modulated to meet accuracy demands during goal-directed arm movements},
    author={Selen, L.P.J. and Beek, P.J. and van Die{\\"e}n, J.H.},
    journal={Experimental brain research},
    volume={172},
    number={1},
    pages={129--138},
    year={2006},
    publisher={Springer}
}

@article{diedrichsen10,
    author = {Diedrichsen, J. and White, O. and Newman, D. and Lally, N.},
    title = {Use-Dependent and Error-Based Learning of Motor Behaviors},
    journal = {Journal of Neuroscience},
    volume = {30},
    number = {15},
    pages = {5159-5166},
    year = {2010}
}

@inproceedings{marin11_gecco,
    title={Learning cost-efficient control policies with XCSF: generalization capabilities and further improvement},
    author={Marin, D. and Decock, J. and Rigoux, L. and Sigaud, O.},
    booktitle={Proceedings of the 13th annual Conference on Genetic and Evolutionary Computation},
    pages={1235--1242},
    year={2011},
    organization={ACM}
}

@article{izawa08,
    title = {Motor Adaptation as a Process of Reoptimization},
    volume = {28},
    number = {11},
    journal = {Journal of Neuroscience},
    author = {Izawa, J. and Rane, T. and Donchin, O. and Shadmehr, R.},
    year = {2008},
    pages = {2883â€“2891}
}

@book{shadmehr05,
    title        = {The Computational Neurobiology of Reaching and Pointing},
    author       = {Shadmehr, R. and Wise, S.},
    publisher    = {MIT Press},
    year         = {2005}
}

@article{guigon08b,
    author = {Guigon, E. and Baraduc, P. and Desmurget, M.},
    title = {Computational Motor Control: Feedback and Accuracy},
    journal = {European Journal of Neuroscience},
    volume = {27},
    number = 4,
    pages = {1003-1016},
    year = {2008}
}

@book{kirk04,
    title={Optimal control theory: an introduction},
    author={Kirk, D.~E.},
    year={2004},
    address = {NY},
    publisher={Dover}
}

@book{bryson75,
    title={Applied optimal control: optimization, estimation, and control},
    author={Bryson, A.~E. and Ho, Y.~C.},
    year={1975},
    publisher={Hemisphere Pub}
}

@article{rigoux11,
    title={A model of reward and effort based optimal decision making and motor coordination},
    author={Rigoux, L. and Guigon, E.},
    journal={Journal of Neuroscience},
    year={submitted, 2011},
}

@article{harris98_N,
    author = {Harris, C.~M. and Wolpert, D.~M.},
    title = {Signal-Dependent Noise Determines Motor Planning},
    journal = {Nature},
    volume = {394},
    pages = {780-784},
    year = {1998}
}

@article{todorov02_NN,
    author = {Todorov, E. and Jordan, M.~I.},
    title = {Optimal Feedback Control as a Theory of Motor Coordination},
    journal = {Nature Neurosciences},
    volume = {5},
    number = {11},
    keywords = {Feedback,Fingers,Humans,Models, Neurological,Motor Activity,Motor Neurons,Movement},
    pages = {1226-1235},
    year = {2002}
}

@inproceedings{todorov03_NIPS,
    title        = {A Minimal Intervention Principle for Coordinated Movement},
    author       = {Todorov, E. and Jordan, M.~I.},
    booktitle    = {NIPS},
    pages        = {27-34},
    year         = {2003}
}

@book{bernstein67,
    author = {Bernstein, N. },
    citeulike-article-id = {612727},
    keywords = {degrees-of-freedom-problem, motor-development},
    posted-at = {2006-05-03 22:30:05},
    priority = {0},
    publisher = {Oxford, UK: Pergamo},
    title = {The Co-ordination and Regulation of Movements},
    year = {1967}
}

@article{kalman1960new,
    title={A new approach to linear filtering and prediction problems},
    author={Kalman, R.E. and others},
    journal={Journal of basic Engineering},
    volume={82},
    number={1},
    pages={35--45},
    year={1960},
    publisher={Citeseer}
}


@book{siciliano2009robotics,
    title={Robotics: modelling, planning and control},
    author={Siciliano, B. and Sciavicco, L. and Villani, L.},
    year={2009},
    publisher={Springer Verlag}
}

@Article{whitney69,
    title	= {Resolved motion rate control of manipulators and human
          prostheses},
    author	= {Whitney, D.~E.},
    journal	= {IEEE Transactions on Man-Machine Systems},
    volume	= {10},
    number	= {2},
    pages		= {47--53},
    year		= 1969
}

@ARTICLE{khatib87,
  author = {Khatib, O.},
  title = {A Unified Approach to Motion and Force Control of Robot Manipulators:
	The Operational Space Formulation},
  journal = {IEEE Journal on Robotics and Automation},
  year = {1987},
  volume = {3},
  pages = {43--53},
  number = {1},
}

@inproceedings{todorov05_ACC,
  author = {Todorov, E. and Li, W.},
  title = {A generalized iterative {LQG} method for locally-optimal feedback control of constrained nonlinear stochastic systems},
  booktitle = {Proceedings of the American Control Conference},
pages = {300-306},
  year = {2005}
}

@phdthesis{li2006,
    title={{Optimal control for biological movement systems}},
    author={Li, W.},
    year={2006},
    school={University of California, San Diego}
}

@InProceedings{salini10,
	AUTHOR = {Salini, J. and Padois, V. and Bidaud, P.},
	TITLE = {Synthesis of Complex Humanoid Whole-Body Behavior: a Focus on Sequencing and Tasks Transitions},
	YEAR = {2011},
	BOOKTITLE = {Proceedings of the IEEE International Conference on Robotics and Automation},
	ADDRESS = {Shanghai, China},
}

@article{katayama1993,
    title={{Virtual trajectory and stiffness ellipse during multijoint arm movement predicted by neural inverse models}},
    author={Katayama, M. and Kawato, M.},
    journal={Biological Cybernetics},
    volume={69},
    number={5},
    pages={353--362},
    year={1993},
    publisher={Springer}
}

@article{fitts54_JEP,
	title = {The information capacity of the human motor system in controlling the amplitude of movement},
	volume = {47},
	issn = {0022-1015},
	doi = {13174710},
	number = {6},
	journal = {Journal of Experimental Psychology},
	author = {Fitts, P.~M.},
	month = jun,
	year = {1954},
	pages = {381--91}
}

@Article{gordon94,
    author={Gordon, James and Ghilardi, Maria Felice and Cooper, Scott E. and Ghez, Claude},
    title="Accuracy of planar reaching movements",
    journal="Experimental Brain Research",
    year="1994",
    month="May",
    day="01",
    volume="99",
    number="1",
    pages="112--130",
}

